@misc{fronter:stepmotor,
title  = {Stepmotorer og styringsprincipper},
note   = {En PDF note fra l√¶rerne}
}

@misc{web:jones,
author = {Douglas W. Jones},
title  = {Control of Stepping Motors},
year   = {1995 -- 1998},
note   = {\url{http://www.cs.uiowa.edu/~jones/step/}}
}

@misc{web:stepperworld,
author = {Rustle Laidman},
title  = {Stepper Motors and Control},
year   = {1999},
note   = {\url{http://www.stepperworld.com/Tutorials/pgCurrentControl.htm}}
}

